%---------------------------------------------------------------
%       Introduction
%---------------------------------------------------------------

%       General/Miscellaneous

@article{Leykam,
author = {Daniel Leykam, Alexei Andreanov and Sergej Flach},
title = {Artificial flat band systems: from lattice models to experiments},
journal = {Advances in Physics: X},
volume = {3},
number = {1},
pages = {1473052},
year = {2018},
publisher = {Taylor & Francis},
doi = {10.1080/23746149.2018.1473052},
}
%---------------------------------------------------------------


%       Flat band research

%       Topological Insulators & Phases


@article{Isakov07,
  title = {Exotic phase diagram of a cluster charging model of bosons on the kagome lattice},
  author = {Isakov, Sergei V. and Paramekanti, Arun and Kim, Yong Baek},
  journal = {Phys. Rev. B},
  volume = {76},
  issue = {22},
  pages = {224431},
  numpages = {10},
  year = {2007},
  month = {12},
  publisher = {American Physical Society},
  doi = {10.1103/PhysRevB.76.224431},
  url = {https://link.aps.org/doi/10.1103/PhysRevB.76.224431}
}

@article{Bergman,
  title = {Band touching from real-space topology in frustrated hopping models},
  author = {Bergman, Doron L. and Wu, Congjun and Balents, Leon},
  journal = {Phys. Rev. B},
  volume = {78},
  issue = {12},
  pages = {125104},
  numpages = {9},
  year = {2008},
  month = {9},
  publisher = {American Physical Society},
  doi = {10.1103/PhysRevB.78.125104},
  url = {https://link.aps.org/doi/10.1103/PhysRevB.78.125104}
}

@article{Guo,
  title = {Topological insulator on the kagome lattice},
  author = {Guo, H.-M. and Franz, M.},
  journal = {Phys. Rev. B},
  volume = {80},
  issue = {11},
  pages = {113102},
  numpages = {4},
  year = {2009},
  month = {9},
  publisher = {American Physical Society},
  doi = {10.1103/PhysRevB.80.113102},
  url = {https://link.aps.org/doi/10.1103/PhysRevB.80.113102}
}

@article{Pesin,
	title = {Mott physics and band topology in materials with strong spin–orbit interaction},
	volume = {6},
	issn = {1745-2481},
	url = {https://doi.org/10.1038/nphys1606},
	doi = {10.1038/nphys1606},
	number = {5},
	journal = {Nature Physics},
	author = {Pesin, Dmytro and Balents, Leon},
	month = {5},
	year = {2010},
	pages = {376--381},
}


@article{Sun,
  title = {Nearly Flatbands with Nontrivial Topology},
  author = {Sun, Kai and Gu, Zhengcheng and Katsura, Hosho and Das Sarma, S.},
  journal = {Phys. Rev. Lett.},
  volume = {106},
  issue = {23},
  pages = {236803},
  numpages = {4},
  year = {2011},
  month = {6},
  publisher = {American Physical Society},
  doi = {10.1103/PhysRevLett.106.236803},
  url = {https://link.aps.org/doi/10.1103/PhysRevLett.106.236803}
}

@article{Bergholtz,
   title={Topological Flat Band Models and Fractional Chern Insulators},
   volume={27},
   ISSN={1793-6578},
   url={http://dx.doi.org/10.1142/S021797921330017X},
   DOI={10.1142/s021797921330017x},
   number={24},
   journal={International Journal of Modern Physics B},
   publisher={World Scientific Pub Co Pte Lt},
   author={BERGHOLTZ, EMIL J. and LIU, ZHAO},
   year={2013},
   month={9}, 
   pages={1330017} 
}

@article{Roychowdhury,
  title = {${\mathbb{Z}}_{2}$ topological liquid of hard-core bosons on a kagome lattice at $1/3$ filling},
  author = {Roychowdhury, Krishanu and Bhattacharjee, Subhro and Pollmann, Frank},
  journal = {Phys. Rev. B},
  volume = {92},
  issue = {7},
  pages = {075141},
  numpages = {12},
  year = {2015},
  month = {8},
  publisher = {American Physical Society},
  doi = {10.1103/PhysRevB.92.075141},
  url = {https://link.aps.org/doi/10.1103/PhysRevB.92.075141}
}

@article{Rachel,
doi = {10.1088/1361-6633/aad6a6},
url = {https://dx.doi.org/10.1088/1361-6633/aad6a6},
year = {2018},
month = {10},
publisher = {IOP Publishing},
volume = {81},
number = {11},
pages = {116501},
author = {Stephan Rachel},
title = {Interacting topological insulators: a review},
journal = {Reports on Progress in Physics},
}

@article{Li,
author = {Zhi Li  and Jincheng Zhuang  and Li Wang  and Haifeng Feng  and Qian Gao  and Xun Xu  and Weichang Hao  and Xiaolin Wang  and Chao Zhang  and Kehui Wu  and Shi Xue Dou  and Lan Chen  and Zhenpeng Hu  and Yi Du },
title = {Realization of flat band with possible nontrivial topology in electronic Kagome lattice},
journal = {Science Advances},
volume = {4},
number = {11},
pages = {eaau4511},
year = {2018},
doi = {10.1126/sciadv.aau4511},
URL = {https://www.science.org/doi/abs/10.1126/sciadv.aau4511},
eprint = {https://www.science.org/doi/pdf/10.1126/sciadv.aau4511},
}

@article{Kang,
	title = {Topological flat bands in frustrated kagome lattice {CoSn}},
	volume = {11},
	issn = {2041-1723},
	url = {https://doi.org/10.1038/s41467-020-17465-1},
	doi = {10.1038/s41467-020-17465-1},
	number = {1},
	journal = {Nature Communications},
	author = {Kang, Mingu and Fang, Shiang and Ye, Linda and Po, Hoi Chun and Denlinger, Jonathan and Jozwiak, Chris and Bostwick, Aaron and Rotenberg, Eli and Kaxiras, Efthimios and Checkelsky, Joseph G. and Comin, Riccardo},
	month = {8},
	year = {2020},
	pages = {4004},
}


@article{Yin,
	title = {Topological kagome magnets and superconductors},
	volume = {612},
	issn = {1476-4687},
	url = {https://doi.org/10.1038/s41586-022-05516-0},
	doi = {10.1038/s41586-022-05516-0},
	number = {7941},
	journal = {Nature},
	author = {Yin, Jia-Xin and Lian, Biao and Hasan, M. Zahid},
	month = {12},
	year = {2022},
	pages = {647--657},
}


%       Quantum Hall

%   Fractional
@article{Neupert,
  title = {Fractional Quantum Hall States at Zero Magnetic Field},
  author = {Neupert, Titus and Santos, Luiz and Chamon, Claudio and Mudry, Christopher},
  journal = {Phys. Rev. Lett.},
  volume = {106},
  issue = {23},
  pages = {236804},
  numpages = {4},
  year = {2011},
  month = {6},
  publisher = {American Physical Society},
  doi = {10.1103/PhysRevLett.106.236804},
  url = {https://link.aps.org/doi/10.1103/PhysRevLett.106.236804}
}


@article{Tang,
  title = {High-Temperature Fractional Quantum Hall States},
  author = {Tang, Evelyn and Mei, Jia-Wei and Wen, Xiao-Gang},
  journal = {Phys. Rev. Lett.},
  volume = {106},
  issue = {23},
  pages = {236802},
  numpages = {4},
  year = {2011},
  month = {6},
  publisher = {American Physical Society},
  doi = {10.1103/PhysRevLett.106.236802},
  url = {https://link.aps.org/doi/10.1103/PhysRevLett.106.236802}
}

@article{Parameswaran,
title = {Fractional quantum Hall physics in topological flat bands},
journal = {Comptes Rendus Physique},
volume = {14},
number = {9},
pages = {816-839},
year = {2013},
note = {Topological insulators / Isolants topologiques},
issn = {1631-0705},
doi = {https://doi.org/10.1016/j.crhy.2013.04.003},
url = {https://www.sciencedirect.com/science/article/pii/S163107051300073X},
author = {Siddharth A. Parameswaran and Rahul Roy and Shivaji L. Sondhi},
keywords = {Chern insulators, Flat bands, Fractional quantum Hall effect, Topological order, Isolants de Chern, Bandes plates, Effet Hall fractionnaire, Ordre topologique}
}

@article{Leonard,
	title = {Realization of a fractional quantum {Hall} state with ultracold atoms},
	volume = {619},
	issn = {1476-4687},
	url = {https://doi.org/10.1038/s41586-023-06122-4},
	doi = {10.1038/s41586-023-06122-4},
	number = {7970},
	journal = {Nature},
	author = {Léonard, Julian and Kim, Sooshin and Kwan, Joyce and Segura, Perrin and Grusdt, Fabian and Repellin, Cécile and Goldman, Nathan and Greiner, Markus},
	month = {7},
	year = {2023},
	pages = {495--499}
}


%   Anomalous

@article{Kida,
   title={The giant anomalous Hall effect in the ferromagnet Fe3Sn2—a frustrated kagome metal},
   volume={23},
   ISSN={1361-648X},
   url={http://dx.doi.org/10.1088/0953-8984/23/11/112205},
   DOI={10.1088/0953-8984/23/11/112205},
   number={11},
   journal={Journal of Physics: Condensed Matter},
   publisher={IOP Publishing},
   author={Kida, T and Fenner, L A and Dee, A A and Terasaki, I and Hagiwara, M and Wills, A S},
   year={2011},
   month={3}, 
   pages={112205}
}

@article{Liu,
	title = {Giant anomalous {Hall} effect in a ferromagnetic kagome-lattice semimetal},
	volume = {14},
	issn = {1745-2481},
	url = {https://doi.org/10.1038/s41567-018-0234-5},
	doi = {10.1038/s41567-018-0234-5},
	number = {11},
	journal = {Nature Physics},
	author = {Liu, Enke and Sun, Yan and Kumar, Nitesh and Muechler, Lukas and Sun, Aili and Jiao, Lin and Yang, Shuo-Ying and Liu, Defa and Liang, Aiji and Xu, Qiunan and Kroder, Johannes and Süß, Vicky and Borrmann, Horst and Shekhar, Chandra and Wang, Zhaosheng and Xi, Chuanying and Wang, Wenhong and Schnelle, Walter and Wirth, Steffen and Chen, Yulin and Goennenwein, Sebastian T. B. and Felser, Claudia},
	month = {11},
	year = {2018},
	pages = {1125--1131}
}


%       Unconventional Superconductivity

@article{Kopnin,
  title = {High-temperature surface superconductivity in topological flat-band systems},
  author = {Kopnin, N. B. and Heikkil\"a, T. T. and Volovik, G. E.},
  journal = {Phys. Rev. B},
  volume = {83},
  issue = {22},
  pages = {220503},
  numpages = {4},
  year = {2011},
  month = {6},
  publisher = {American Physical Society},
  doi = {10.1103/PhysRevB.83.220503},
  url = {https://link.aps.org/doi/10.1103/PhysRevB.83.220503}
}

@article{Sato,
doi = {10.1088/1361-6633/aa6ac7},
url = {https://dx.doi.org/10.1088/1361-6633/aa6ac7},
year = {2017},
month = {5},
publisher = {IOP Publishing},
volume = {80},
number = {7},
pages = {076501},
author = {Masatoshi Sato and Yoichi Ando},
title = {Topological superconductors: a review},
journal = {Reports on Progress in Physics},
}


@article{Cao,
	title = {Unconventional superconductivity in magic-angle graphene superlattices},
	volume = {556},
	issn = {1476-4687},
	url = {https://doi.org/10.1038/nature26160},
	doi = {10.1038/nature26160},
	number = {7699},
	journal = {Nature},
	author = {Cao, Yuan and Fatemi, Valla and Fang, Shiang and Watanabe, Kenji and Taniguchi, Takashi and Kaxiras, Efthimios and Jarillo-Herrero, Pablo},
	month = {4},
	year = {2018},
	pages = {43--50},
}

@article{Xu,
  title = {Topological Superconductivity in Twisted Multilayer Graphene},
  author = {Xu, Cenke and Balents, Leon},
  journal = {Phys. Rev. Lett.},
  volume = {121},
  issue = {8},
  pages = {087001},
  numpages = {5},
  year = {2018},
  month = {8},
  publisher = {American Physical Society},
  doi = {10.1103/PhysRevLett.121.087001},
  url = {https://link.aps.org/doi/10.1103/PhysRevLett.121.087001}
}

@article{Yankowitz,
author = {Matthew Yankowitz  and Shaowen Chen  and Hryhoriy Polshyn  and Yuxuan Zhang  and K. Watanabe  and T. Taniguchi  and David Graf  and Andrea F. Young  and Cory R. Dean },
title = {Tuning superconductivity in twisted bilayer graphene},
journal = {Science},
volume = {363},
number = {6431},
pages = {1059-1064},
year = {2019},
doi = {10.1126/science.aav1910},
URL = {https://www.science.org/doi/abs/10.1126/science.aav1910},
eprint = {https://www.science.org/doi/pdf/10.1126/science.aav1910},
}

@article{Mielke,
doi = {10.1088/1361-648X/ac9813},
url = {https://dx.doi.org/10.1088/1361-648X/ac9813},
year = {2022},
month = {10},
publisher = {IOP Publishing},
volume = {34},
number = {48},
pages = {485601},
author = {C Mielke III and H Liu and D Das and J-X Yin and L Z Deng and J Spring and R Gupta and M Medarde and C-W Chu and R Khasanov and Z M Hasan and Y Shi and H Luetkens and Z Guguchia},
title = {Local spectroscopic evidence for a nodeless magnetic kagome superconductor CeRu2},
journal = {Journal of Physics: Condensed Matter},
}

@article{Guguchia,
	title = {Unconventional charge order and superconductivity in kagome-lattice systems as seen by muon-spin rotation},
	volume = {8},
	issn = {2397-4648},
	url = {https://doi.org/10.1038/s41535-023-00574-7},
	doi = {10.1038/s41535-023-00574-7},
	number = {1},
	journal = {npj Quantum Materials},
	author = {Guguchia, Z. and Khasanov, R. and Luetkens, H.},
	month = {8},
	year = {2023},
	pages = {41},
}


%       Exotic Phases - VBSs, trion superfluids etc

@article{Isakov06,
  title = {Hard-Core Bosons on the Kagome Lattice: Valence-Bond Solids and Their Quantum Melting},
  author = {Isakov, S. V. and Wessel, S. and Melko, R. G. and Sengupta, K. and Kim, Yong Baek},
  journal = {Phys. Rev. Lett.},
  volume = {97},
  issue = {14},
  pages = {147202},
  numpages = {4},
  year = {2006},
  month = {10},
  publisher = {American Physical Society},
  doi = {10.1103/PhysRevLett.97.147202},
  url = {https://link.aps.org/doi/10.1103/PhysRevLett.97.147202}
}

@article{You,
  title = {Superfluidity of Bosons in Kagome Lattices with Frustration},
  author = {You, Yi-Zhuang and Chen, Zhu and Sun, Xiao-Qi and Zhai, Hui},
  journal = {Phys. Rev. Lett.},
  volume = {109},
  issue = {26},
  pages = {265302},
  numpages = {5},
  year = {2012},
  month = {12},
  publisher = {American Physical Society},
  doi = {10.1103/PhysRevLett.109.265302},
  url = {https://link.aps.org/doi/10.1103/PhysRevLett.109.265302}
}

@article{Katsura,
  title = {Mott-insulator-like Bose-Einstein condensation in a tight-binding system of interacting bosons with a flat band},
  author = {Katsura, Hosho and Kawashima, Naoki and Morita, Satoshi and Tanaka, Akinori and Tasaki, Hal},
  journal = {Phys. Rev. Res.},
  volume = {3},
  issue = {3},
  pages = {033190},
  numpages = {12},
  year = {2021},
  month = {8},
  publisher = {American Physical Society},
  doi = {10.1103/PhysRevResearch.3.033190},
  url = {https://link.aps.org/doi/10.1103/PhysRevResearch.3.033190}
}


%       Lattices

@article{Sutherland,
  title = {Localization of electronic wave functions due to local topology},
  author = {Sutherland, Bill},
  journal = {Phys. Rev. B},
  volume = {34},
  issue = {8},
  pages = {5208--5211},
  numpages = {0},
  year = {1986},
  month = {10},
  publisher = {American Physical Society},
  doi = {10.1103/PhysRevB.34.5208},
  url = {https://link.aps.org/doi/10.1103/PhysRevB.34.5208}
}

@article{Lieb,
  title = {Two theorems on the Hubbard model},
  author = {Lieb, Elliott H.},
  journal = {Phys. Rev. Lett.},
  volume = {62},
  issue = {10},
  pages = {1201--1204},
  numpages = {0},
  year = {1989},
  month = {3},
  publisher = {American Physical Society},
  doi = {10.1103/PhysRevLett.62.1201},
  url = {https://link.aps.org/doi/10.1103/PhysRevLett.62.1201}
}



%----------------------------------------------------------------
%       Numerical Kagome Research (excluding references already             recorded above)


%       Exotic BECs/superfluids

@article{Huber,
  title = {Bose condensation in flat bands},
  author = {Huber, Sebastian D. and Altman, Ehud},
  journal = {Phys. Rev. B},
  volume = {82},
  issue = {18},
  pages = {184502},
  numpages = {16},
  year = {2010},
  month = {11},
  publisher = {American Physical Society},
  doi = {10.1103/PhysRevB.82.184502},
  url = {https://link.aps.org/doi/10.1103/PhysRevB.82.184502}
}


%Move this one
@article{Leung,
  title = {Interaction-Enhanced Group Velocity of Bosons in the Flat Band of an Optical Kagome Lattice},
  author = {Leung, Tsz-Him and Schwarz, Malte N. and Chang, Shao-Wen and Brown, Charles D. and Unnikrishnan, Govind and Stamper-Kurn, Dan},
  journal = {Phys. Rev. Lett.},
  volume = {125},
  issue = {13},
  pages = {133001},
  numpages = {5},
  year = {2020},
  month = {9},
  publisher = {American Physical Society},
  doi = {10.1103/PhysRevLett.125.133001},
  url = {https://link.aps.org/doi/10.1103/PhysRevLett.125.133001}
}

@article{Ozawa,
  title = {Interaction-Driven Shift and Distortion of a Flat Band in an Optical Lieb Lattice},
  author = {Ozawa, Hideki and Taie, Shintaro and Ichinose, Tomohiro and Takahashi, Yoshiro},
  journal = {Phys. Rev. Lett.},
  volume = {118},
  issue = {17},
  pages = {175301},
  numpages = {5},
  year = {2017},
  month = {04},
  publisher = {American Physical Society},
  doi = {10.1103/PhysRevLett.118.175301},
  url = {https://link.aps.org/doi/10.1103/PhysRevLett.118.175301}
}

@article{Julku21,
  title = {Quantum Geometry and Flat Band Bose-Einstein Condensation},
  author = {Julku, Aleksi and Bruun, Georg M. and T\"orm\"a, P\"aivi},
  journal = {Phys. Rev. Lett.},
  volume = {127},
  issue = {17},
  pages = {170404},
  numpages = {6},
  year = {2021},
  month = {10},
  publisher = {American Physical Society},
  doi = {10.1103/PhysRevLett.127.170404},
  url = {https://link.aps.org/doi/10.1103/PhysRevLett.127.170404}
}

@article{Julku21-2,
  title = {Excitations of a Bose-Einstein condensate and the quantum geometry of a flat band},
  author = {Julku, Aleksi and Bruun, Georg M. and T\"orm\"a, P\"aivi},
  journal = {Phys. Rev. B},
  volume = {104},
  issue = {14},
  pages = {144507},
  numpages = {15},
  year = {2021},
  month = {10},
  publisher = {American Physical Society},
  doi = {10.1103/PhysRevB.104.144507},
  url = {https://link.aps.org/doi/10.1103/PhysRevB.104.144507}
}


%       Experimental Kagome research (excluding references already          recorded above)
%(None - all cited already)

%Spin Liquids / Magnetic Properties

@article{Balents,
  title = {Fractionalization in an easy-axis Kagome antiferromagnet},
  author = {Balents, L. and Fisher, M. P. A. and Girvin, S. M.},
  journal = {Phys. Rev. B},
  volume = {65},
  issue = {22},
  pages = {224412},
  numpages = {8},
  year = {2002},
  month = {5},
  publisher = {American Physical Society},
  doi = {10.1103/PhysRevB.65.224412},
  url = {https://link.aps.org/doi/10.1103/PhysRevB.65.224412}
}

@article{Plat,
  title = {Magnetization plateaus of an easy-axis kagome antiferromagnet with extended interactions},
  author = {Plat, X. and Alet, F. and Capponi, S. and Totsuka, K.},
  journal = {Phys. Rev. B},
  volume = {92},
  issue = {17},
  pages = {174402},
  numpages = {14},
  year = {2015},
  month = {11},
  publisher = {American Physical Society},
  doi = {10.1103/PhysRevB.92.174402},
  url = {https://link.aps.org/doi/10.1103/PhysRevB.92.174402}
}

@article{Broholm,
author = {C. Broholm  and R. J. Cava  and S. A. Kivelson  and D. G. Nocera  and M. R. Norman  and T. Senthil },
title = {Quantum spin liquids},
journal = {Science},
volume = {367},
number = {6475},
pages = {eaay0668},
year = {2020},
doi = {10.1126/science.aay0668},
URL = {https://www.science.org/doi/abs/10.1126/science.aay0668},
eprint = {https://www.science.org/doi/pdf/10.1126/science.aay0668},
}

@article{Huse,
  title = {Classical antiferromagnets on the Kagom\'e lattice},
  author = {Huse, David A. and Rutenberg, Andrew D.},
  journal = {Phys. Rev. B},
  volume = {45},
  issue = {13},
  pages = {7536--7539},
  numpages = {0},
  year = {1992},
  month = {04},
  publisher = {American Physical Society},
  doi = {10.1103/PhysRevB.45.7536},
  url = {https://link.aps.org/doi/10.1103/PhysRevB.45.7536}
}


%----------------------------------------------------------------

%Quantum Simulation

@article{Bloch,
  title = {Many-body physics with ultracold gases},
  author = {Bloch, Immanuel and Dalibard, Jean and Zwerger, Wilhelm},
  journal = {Rev. Mod. Phys.},
  volume = {80},
  issue = {3},
  pages = {885--964},
  numpages = {0},
  year = {2008},
  month = {7},
  publisher = {American Physical Society},
  doi = {10.1103/RevModPhys.80.885},
  url = {https://link.aps.org/doi/10.1103/RevModPhys.80.885}
}


@article{Langen,
author = {Langen, Tim and Geiger, Remi and Schmiedmayer, J\"{o}rg},
title = {Ultracold Atoms Out of Equilibrium},
journal = {Annual Review of Condensed Matter Physics},
volume = {6},
number = {1},
pages = {201-217},
year = {2015},
doi = {10.1146/annurev-conmatphys-031214-014548},
URL = {https://doi.org/10.1146/annurev-conmatphys-031214-014548},
eprint = {https://doi.org/10.1146/annurev-conmatphys-031214-014548}
}

@article{Polkovnikov,
  title = {Colloquium: Nonequilibrium dynamics of closed interacting quantum systems},
  author = {Polkovnikov, Anatoli and Sengupta, Krishnendu and Silva, Alessandro and Vengalattore, Mukund},
  journal = {Rev. Mod. Phys.},
  volume = {83},
  issue = {3},
  pages = {863--883},
  numpages = {0},
  year = {2011},
  month = {08},
  publisher = {American Physical Society},
  doi = {10.1103/RevModPhys.83.863},
  url = {https://link.aps.org/doi/10.1103/RevModPhys.83.863}
}

@article{Gross,
author = {Christian Gross  and Immanuel Bloch },
title = {Quantum simulations with ultracold atoms in optical lattices},
journal = {Science},
volume = {357},
number = {6355},
pages = {995-1001},
year = {2017},
doi = {10.1126/science.aal3837},
URL = {https://www.science.org/doi/abs/10.1126/science.aal3837},
eprint = {https://www.science.org/doi/pdf/10.1126/science.aal3837}
}

@article{Jo,
  title = {Ultracold Atoms in a Tunable Optical Kagome Lattice},
  author = {Jo, Gyu-Boong and Guzman, Jennie and Thomas, Claire K. and Hosur, Pavan and Vishwanath, Ashvin and Stamper-Kurn, Dan M.},
  journal = {Phys. Rev. Lett.},
  volume = {108},
  issue = {4},
  pages = {045305},
  numpages = {5},
  year = {2012},
  month = {1},
  publisher = {American Physical Society},
  doi = {10.1103/PhysRevLett.108.045305},
  url = {https://link.aps.org/doi/10.1103/PhysRevLett.108.045305}
}

@article{Schneider13,
author = {S. Braun  and J. P. Ronzheimer  and M. Schreiber  and S. S. Hodgman  and T. Rom  and I. Bloch  and U. Schneider },
title = {Negative Absolute Temperature for Motional Degrees of Freedom},
journal = {Science},
volume = {339},
number = {6115},
pages = {52-55},
year = {2013},
doi = {10.1126/science.1227831},
URL = {https://www.science.org/doi/abs/10.1126/science.1227831},
eprint = {https://www.science.org/doi/pdf/10.1126/science.1227831},
}

%----------------------------------------------------------------
%       Chapter 2
%----------------------------------------------------------------

%Hubbard model

@article{Jaksch,
title = {The cold atom Hubbard toolbox},
journal = {Annals of Physics},
volume = {315},
number = {1},
pages = {52-79},
year = {2005},
note = {Special Issue},
issn = {0003-4916},
doi = {https://doi.org/10.1016/j.aop.2004.09.010},
url = {https://www.sciencedirect.com/science/article/pii/S0003491604001782},
author = {D. Jaksch and P. Zoller},
keywords = {03.75.−b, 32.80.Pj, 32.80.Qk, 03.67.Lx, Cold atom, Optical lattice, Hubbard model, Quantum computing, Atomic quantum dot},
}

@book{Essler, 
place={Cambridge}, 
title={The One-Dimensional Hubbard Model}, 
publisher={Cambridge University Press}, 
author={Essler, Fabian H. L. and Frahm, Holger and Göhmann, Frank and Klümper, Andreas and Korepin, Vladimir E.}, 
year={2005}}


%   Strong Interactions - Theory

@article{Valiente08,
doi = {10.1088/0953-4075/41/16/161002},
url = {https://dx.doi.org/10.1088/0953-4075/41/16/161002},
year = {2008},
month = {8},
publisher = {},
volume = {41},
number = {16},
pages = {161002},
author = {M Valiente and D Petrosyan},
title = {Two-particle states in the Hubbard model},
journal = {Journal of Physics B: Atomic, Molecular and Optical Physics},
}

@article{Deuchert,
  title = {Dynamics and symmetries of a repulsively bound atom pair in an infinite optical lattice},
  author = {Deuchert, Andreas and Sakmann, Kaspar and Streltsov, Alexej I. and Alon, Ofir E. and Cederbaum, Lorenz S.},
  journal = {Phys. Rev. A},
  volume = {86},
  issue = {1},
  pages = {013618},
  numpages = {11},
  year = {2012},
  month = {7},
  publisher = {American Physical Society},
  doi = {10.1103/PhysRevA.86.013618},
  url = {https://link.aps.org/doi/10.1103/PhysRevA.86.013618}
}

@article{Salerno,
  title = {Interaction-induced lattices for bound states: Designing flat bands, quantized pumps, and higher-order topological insulators for doublons},
  author = {Salerno, G. and Palumbo, G. and Goldman, N. and Di Liberto, M.},
  journal = {Phys. Rev. Res.},
  volume = {2},
  issue = {1},
  pages = {013348},
  numpages = {9},
  year = {2020},
  month = {3},
  publisher = {American Physical Society},
  doi = {10.1103/PhysRevResearch.2.013348},
  url = {https://link.aps.org/doi/10.1103/PhysRevResearch.2.013348}
}

%   Strong Interactions (Repulsively Bound particles) -                 Experimental

@article{Winkler,
	title = {Repulsively bound atom pairs in an optical lattice},
	volume = {441},
	issn = {1476-4687},
	url = {https://doi.org/10.1038/nature04918},
	doi = {10.1038/nature04918},
	abstract = {In physics it is common for objects that attract each other to form stable bound states by lowering their energy. But under certain conditions, stable composite objects exist even for repulsive interactions. The creation of one such exotic bound state is reported this week. It consists of a pair of ultracold rubidium atoms in an optical lattice. The pairs are stable because two atoms sitting on a given site of an optical lattice with strong repulsive interactions cannot decay as they cannot convert their potential energy into kinetic energy, a phenomenon explained by the constraints of the Bose–Hubbard model for the structure of ultracold quantum gases.},
	number = {7095},
	journal = {Nature},
	author = {Winkler, K. and Thalhammer, G. and Lang, F. and Grimm, R. and Hecker Denschlag, J. and Daley, A. J. and Kantian, A. and Büchler, H. P. and Zoller, P.},
	month = {6},
	year = {2006},
	pages = {853--856},
}



%   Kagome dynamics

@article{DiVentra,
doi = {10.1088/0953-8984/16/45/024},
url = {https://dx.doi.org/10.1088/0953-8984/16/45/024},
year = {2004},
month = {10},
publisher = {},
volume = {16},
number = {45},
pages = {8025},
author = {M Di Ventra and  T N Todorov},
title = {Transport in nanoscale systems: the microcanonical versus grand-canonical picture},
journal = {Journal of Physics: Condensed Matter},
}

@article{Chien12-1,
  title = {Bosonic and fermionic transport phenomena of ultracold atoms in one-dimensional optical lattices},
  author = {Chien, Chih-Chun and Zwolak, Michael and Di Ventra, Massimiliano},
  journal = {Phys. Rev. A},
  volume = {85},
  issue = {4},
  pages = {041601},
  numpages = {4},
  year = {2012},
  month = {4},
  publisher = {American Physical Society},
  doi = {10.1103/PhysRevA.85.041601},
  url = {https://link.aps.org/doi/10.1103/PhysRevA.85.041601}
}

@article{Chien12-2,
doi = {10.1209/0295-5075/99/40003},
url = {https://dx.doi.org/10.1209/0295-5075/99/40003},
year = {2012},
month = {8},
publisher = {EDP Sciences, IOP Publishing and Società Italiana di Fisica},
volume = {99},
number = {4},
pages = {40003},
author = {Chih-Chun Chien and Massimiliano Di Ventra},
title = {Dynamical crossover between the infinite-volume and empty-lattice limits of ultra-cold fermions in 1D optical lattices},
journal = {Europhysics Letters},
}

@article{Chien13-1,
   title={Interaction-induced conducting–non-conducting transition of ultra-cold atoms in one-dimensional optical lattices},
   volume={15},
   ISSN={1367-2630},
   url={http://dx.doi.org/10.1088/1367-2630/15/6/063026},
   DOI={10.1088/1367-2630/15/6/063026},
   number={6},
   journal={New Journal of Physics},
   publisher={IOP Publishing},
   author={Chien, Chih-Chun and Gruss, Daniel and Ventra, Massimiliano Di and Zwolak, Michael},
   year={2013},
   month={6}, 
   pages={063026}
}

@article{Chien13-2,
  title = {Controlling transport of ultracold atoms in one-dimensional optical lattices with artificial gauge fields},
  author = {Chien, Chih-Chun and Di Ventra, Massimiliano},
  journal = {Phys. Rev. A},
  volume = {87},
  issue = {2},
  pages = {023609},
  numpages = {5},
  year = {2013},
  month = {2},
  publisher = {American Physical Society},
  doi = {10.1103/PhysRevA.87.023609},
  url = {https://link.aps.org/doi/10.1103/PhysRevA.87.023609}
}

@article{Chien14-1,
  title = {Dynamically generated flat-band phases in optical kagome lattices},
  author = {Chern, Gia-Wei and Chien, Chih-Chun and Di Ventra, Massimiliano},
  journal = {Phys. Rev. A},
  volume = {90},
  issue = {1},
  pages = {013609},
  numpages = {6},
  year = {2014},
  month = {7},
  publisher = {American Physical Society},
  doi = {10.1103/PhysRevA.90.013609},
  url = {https://link.aps.org/doi/10.1103/PhysRevA.90.013609}
}

@article{Chien14-2,
  title = {Landauer, Kubo, and microcanonical approaches to quantum transport and noise: A comparison and implications for cold-atom dynamics},
  author = {Chien, Chih-Chun and Di Ventra, Massimiliano and Zwolak, Michael},
  journal = {Phys. Rev. A},
  volume = {90},
  issue = {2},
  pages = {023624},
  numpages = {15},
  year = {2014},
  month = {8},
  publisher = {American Physical Society},
  doi = {10.1103/PhysRevA.90.023624},
  url = {https://link.aps.org/doi/10.1103/PhysRevA.90.023624}
}

@article{Chien16,
doi = {10.1088/0953-4075/49/7/075301},
url = {https://dx.doi.org/10.1088/0953-4075/49/7/075301},
year = {2016},
month = {3},
publisher = {IOP Publishing},
volume = {49},
number = {7},
pages = {075301},
author = {Mekena Metcalf and Gia-Wei Chern and Massimiliano Di Ventra and Chih-Chun Chien},
title = {Matter-wave propagation in optical lattices: geometrical and flat-band effects},
journal = {Journal of Physics B: Atomic, Molecular and Optical Physics},
}


%Bound Pairs in Flat Bands

@article{Torma,
  title = {Quantum metric and effective mass of a two-body bound state in a flat band},
  author = {T\"orm\"a, P. and Liang, L. and Peotta, S.},
  journal = {Phys. Rev. B},
  volume = {98},
  issue = {22},
  pages = {220511},
  numpages = {5},
  year = {2018},
  month = {12},
  publisher = {American Physical Society},
  doi = {10.1103/PhysRevB.98.220511},
  url = {https://link.aps.org/doi/10.1103/PhysRevB.98.220511}
}



%Dynamics in (non-kagome) Flat Bands

@article{Apaja,
  title = {Flat bands, Dirac cones, and atom dynamics in an optical lattice},
  author = {Apaja, V. and Hyrk\"as, M. and Manninen, M.},
  journal = {Phys. Rev. A},
  volume = {82},
  issue = {4},
  pages = {041402},
  numpages = {4},
  year = {2010},
  month = {10},
  publisher = {American Physical Society},
  doi = {10.1103/PhysRevA.82.041402},
  url = {https://link.aps.org/doi/10.1103/PhysRevA.82.041402}
}

@article{Hyrkas,
  title = {Many-particle dynamics of bosons and fermions in quasi-one-dimensional flat-band lattices},
  author = {Hyrk\"as, M. and Apaja, V. and Manninen, M.},
  journal = {Phys. Rev. A},
  volume = {87},
  issue = {2},
  pages = {023614},
  numpages = {12},
  year = {2013},
  month = {2},
  publisher = {American Physical Society},
  doi = {10.1103/PhysRevA.87.023614},
  url = {https://link.aps.org/doi/10.1103/PhysRevA.87.023614}
}


@article{Tilleke,
url = {https://doi.org/10.1515/zna-2019-0371},
title = {Nearest Neighbour Particle-Particle Interaction in Fermionic Quasi One-Dimensional Flat Band Lattices},
author = {Simon Tilleke and Mirko Daumann and Thomas Dahm},
pages = {393--402},
volume = {75},
number = {5},
journal = {Zeitschrift für Naturforschung A},
doi = {doi:10.1515/zna-2019-0371},
year = {2020},
lastchecked = {2024-02-01}
}


%----------------------------------------------------------------
%       Chapter 3 - Methodology
%----------------------------------------------------------------

%   Lanczos

@article{Weisse,
  title={Exact diagonalization techniques},
  author={Wei{\ss}e, Alexander and Fehske, Holger},
  journal={Computational many-particle physics},
  pages={529--544},
  year={2008},
  publisher={Springer}
}

%   TEBD/tDMRG

@article{Vidal03,
  title = {Efficient Classical Simulation of Slightly Entangled Quantum Computations},
  author = {Vidal, Guifr\'e},
  journal = {Phys. Rev. Lett.},
  volume = {91},
  issue = {14},
  pages = {147902},
  numpages = {4},
  year = {2003},
  month = {10},
  publisher = {American Physical Society},
  doi = {10.1103/PhysRevLett.91.147902},
  url = {https://link.aps.org/doi/10.1103/PhysRevLett.91.147902}
}

@article{Vidal04,
  title = {Mixed-State Dynamics in One-Dimensional Quantum Lattice Systems: A Time-Dependent Superoperator Renormalization Algorithm},
  author = {Zwolak, Michael and Vidal, Guifr\'e},
  journal = {Phys. Rev. Lett.},
  volume = {93},
  issue = {20},
  pages = {207205},
  numpages = {4},
  year = {2004},
  month = {11},
  publisher = {American Physical Society},
  doi = {10.1103/PhysRevLett.93.207205},
  url = {https://link.aps.org/doi/10.1103/PhysRevLett.93.207205}
}

@article{White,
  title = {Real-Time Evolution Using the Density Matrix Renormalization Group},
  author = {White, Steven R. and Feiguin, Adrian E.},
  journal = {Phys. Rev. Lett.},
  volume = {93},
  issue = {7},
  pages = {076401},
  numpages = {4},
  year = {2004},
  month = {8},
  publisher = {American Physical Society},
  doi = {10.1103/PhysRevLett.93.076401},
  url = {https://link.aps.org/doi/10.1103/PhysRevLett.93.076401}
}


%-----------------------------------------------------------------
%       Chapter 5 - 2 particle Simulations
%-----------------------------------------------------------------

%   OPDM

@article{Bera,
  title = {Many-Body Localization Characterized from a One-Particle Perspective},
  author = {Bera, Soumya and Schomerus, Henning and Heidrich-Meisner, Fabian and Bardarson, Jens H.},
  journal = {Phys. Rev. Lett.},
  volume = {115},
  issue = {4},
  pages = {046603},
  numpages = {5},
  year = {2015},
  month = {7},
  publisher = {American Physical Society},
  doi = {10.1103/PhysRevLett.115.046603},
  url = {https://link.aps.org/doi/10.1103/PhysRevLett.115.046603}
}

@article{Lezama,
  title = {One-particle density matrix occupation spectrum of many-body localized states after a global quench},
  author = {Lezama, Tal\'{\i}a L. M. and Bera, Soumya and Schomerus, Henning and Heidrich-Meisner, Fabian and Bardarson, Jens H.},
  journal = {Phys. Rev. B},
  volume = {96},
  issue = {6},
  pages = {060202},
  numpages = {6},
  year = {2017},
  month = {8},
  publisher = {American Physical Society},
  doi = {10.1103/PhysRevB.96.060202},
  url = {https://link.aps.org/doi/10.1103/PhysRevB.96.060202}
}


%---------------------------------------------------------------
%---------------------------------------------------------------
%---------------------------------------------------------------
%---------------------------------------------------------------
%           Papers not included
%---------------------------------------------------------------
%---------------------------------------------------------------
%---------------------------------------------------------------


%   Superfluidity/BECs

@article{Julku23,
    author = {Julku, Aleksi and Salerno, Grazia and Törmä, Päivi},
    title = "{Superfluidity of flat band Bose–Einstein condensates revisited}",
    journal = {Low Temperature Physics},
    volume = {49},
    number = {6},
    pages = {701-713},
    year = {2023},
    month = {06},
    issn = {1063-777X},
    doi = {10.1063/10.0019426},
    url = {https://doi.org/10.1063/10.0019426},
    eprint = {https://pubs.aip.org/aip/ltp/article-pdf/49/6/701/18087456/701\_1\_10.0019426.pdf},
}

@article{Mateos,
doi = {10.1088/1367-2630/acd3a3},
url = {https://dx.doi.org/10.1088/1367-2630/acd3a3},
year = {2023},
month = {6},
publisher = {IOP Publishing},
volume = {25},
number = {6},
pages = {063006},
author = {Jesús Mateos and Charles E Creffield and Fernando Sols},
title = {Superfluidity from correlations in driven boson systems},
journal = {New Journal of Physics},
}



%   Repulsively Bound - Theory

@article{Petroysan07,
  title = {Quantum liquid of repulsively bound pairs of particles in a lattice},
  author = {Petrosyan, David and Schmidt, Bernd and Anglin, James R. and Fleischhauer, Michael},
  journal = {Phys. Rev. A},
  volume = {76},
  issue = {3},
  pages = {033606},
  numpages = {7},
  year = {2007},
  month = {9},
  publisher = {American Physical Society},
  doi = {10.1103/PhysRevA.76.033606},
  url = {https://link.aps.org/doi/10.1103/PhysRevA.76.033606}
}

@article{Valiente09,
doi = {10.1088/0953-4075/42/12/121001},
url = {https://dx.doi.org/10.1088/0953-4075/42/12/121001},
year = {2009},
month = {6},
publisher = {},
volume = {42},
number = {12},
pages = {121001},
author = {M Valiente and D Petrosyan},
title = {Scattering resonances and two-particle bound states of the extended Hubbard model},
journal = {Journal of Physics B: Atomic, Molecular and Optical Physics},
abstract = {We present a complete derivation of two-particle states of the one-dimensional extended Bose–Hubbard model involving attractive or repulsive on-site and nearest-neighbour interactions. We find that this system possesses scattering resonances and two families of energy-dependent interaction-bound states which are not present in the Hubbard model with the on-site interaction alone.}
}

@article{Valiente10,
  title = {Lattice two-body problem with arbitrary finite-range interactions},
  author = {Valiente, Manuel},
  journal = {Phys. Rev. A},
  volume = {81},
  issue = {4},
  pages = {042102},
  numpages = {6},
  year = {2010},
  month = {4},
  publisher = {American Physical Society},
  doi = {10.1103/PhysRevA.81.042102},
  url = {https://link.aps.org/doi/10.1103/PhysRevA.81.042102}
}

@article{Meisner,
  title = {Quantum distillation: Dynamical generation of low-entropy states of strongly correlated fermions in an optical lattice},
  author = {Heidrich-Meisner, F. and Manmana, S. R. and Rigol, M. and Muramatsu, A. and Feiguin, A. E. and Dagotto, E.},
  journal = {Phys. Rev. A},
  volume = {80},
  issue = {4},
  pages = {041603},
  numpages = {4},
  year = {2009},
  month = {10},
  publisher = {American Physical Society},
  doi = {10.1103/PhysRevA.80.041603},
  url = {https://link.aps.org/doi/10.1103/PhysRevA.80.041603}
}

@article{Kajala,
  title = {Expansion Dynamics in the One-Dimensional Fermi-Hubbard Model},
  author = {Kajala, J. and Massel, F. and T\"orm\"a, P.},
  journal = {Phys. Rev. Lett.},
  volume = {106},
  issue = {20},
  pages = {206401},
  numpages = {4},
  year = {2011},
  month = {5},
  publisher = {American Physical Society},
  doi = {10.1103/PhysRevLett.106.206401},
  url = {https://link.aps.org/doi/10.1103/PhysRevLett.106.206401}
}

@article{Langer,
  title = {Expansion velocity of a one-dimensional, two-component Fermi gas during the sudden expansion in the ballistic regime},
  author = {Langer, S. and Schuetz, M. J. A. and McCulloch, I. P. and Schollw\"ock, U. and Heidrich-Meisner, F.},
  journal = {Phys. Rev. A},
  volume = {85},
  issue = {4},
  pages = {043618},
  numpages = {7},
  year = {2012},
  month = {4},
  publisher = {American Physical Society},
  doi = {10.1103/PhysRevA.85.043618},
  url = {https://link.aps.org/doi/10.1103/PhysRevA.85.043618}
}

@article{Santos,
doi = {10.1088/1367-2630/14/9/095019},
url = {https://dx.doi.org/10.1088/1367-2630/14/9/095019},
year = {2012},
month = {9},
publisher = {IOP Publishing},
volume = {14},
number = {9},
pages = {095019},
author = {Lea F Santos and M I Dykman},
title = {Quantum interference-induced stability of repulsively bound pairs of excitations},
journal = {New Journal of Physics},
}

@article{Phillips,
  title = {Low-energy behavior of strongly interacting bosons on a flat-band lattice above the critical filling factor},
  author = {Phillips, L. G. and De Chiara, G. and \"Ohberg, P. and Valiente, M.},
  journal = {Phys. Rev. B},
  volume = {91},
  issue = {5},
  pages = {054103},
  numpages = {5},
  year = {2015},
  month = {2},
  publisher = {American Physical Society},
  doi = {10.1103/PhysRevB.91.054103},
  url = {https://link.aps.org/doi/10.1103/PhysRevB.91.054103}
}

@article{Beggi,
  title = {Probing the sign of the Hubbard interaction by two-particle quantum walks},
  author = {Beggi, Andrea and Razzoli, Luca and Bordone, Paolo and Paris, Matteo G. A.},
  journal = {Phys. Rev. A},
  volume = {97},
  issue = {1},
  pages = {013610},
  numpages = {9},
  year = {2018},
  month = {1},
  publisher = {American Physical Society},
  doi = {10.1103/PhysRevA.97.013610},
  url = {https://link.aps.org/doi/10.1103/PhysRevA.97.013610}
}

@article{Tovmasyan,
  title = {Preformed pairs in flat Bloch bands},
  author = {Tovmasyan, Murad and Peotta, Sebastiano and Liang, Long and T\"orm\"a, P\"aivi and Huber, Sebastian D.},
  journal = {Phys. Rev. B},
  volume = {98},
  issue = {13},
  pages = {134513},
  numpages = {22},
  year = {2018},
  month = {10},
  publisher = {American Physical Society},
  doi = {10.1103/PhysRevB.98.134513},
  url = {https://link.aps.org/doi/10.1103/PhysRevB.98.134513}
}


@article{Flannigan,
doi = {10.1088/2058-9565/abb028},
url = {https://dx.doi.org/10.1088/2058-9565/abb028},
year = {2020},
month = {9},
publisher = {IOP Publishing},
volume = {5},
number = {4},
pages = {045017},
author = {Stuart Flannigan and Andrew J Daley},
title = {Enhanced repulsively bound atom pairs in topological optical lattice ladders},
journal = {Quantum Science and Technology},
}


@article{Fronk,
	title = {Localised {Pair} {Formation} in {Bosonic} {Flat}-{Band} {Hubbard} {Models}},
	volume = {185},
	issn = {1572-9613},
	url = {https://doi.org/10.1007/s10955-021-02842-x},
	doi = {10.1007/s10955-021-02842-x},
	number = {2},
	journal = {Journal of Statistical Physics},
	author = {Fronk, Jacob and Mielke, Andreas},
	month = {10},
	year = {2021},
	pages = {14},
}

@article{Iskin,
  title = {Stability of $(N+1)$-body fermion clusters in a multiband Hubbard model},
  author = {Iskin, M. and Kele\ifmmode \mbox{\c{s}}\else \c{s}\fi{}, A.},
  journal = {Phys. Rev. A},
  volume = {106},
  issue = {3},
  pages = {033304},
  numpages = {13},
  year = {2022},
  month = {9},
  publisher = {American Physical Society},
  doi = {10.1103/PhysRevA.106.033304},
  url = {https://link.aps.org/doi/10.1103/PhysRevA.106.033304}
}

@article{Drescher,
	title = {Hard-core bosons in flat band systems above the critical density},
	volume = {90},
	issn = {1434-6036},
	url = {https://doi.org/10.1140/epjb/e2017-80218-1},
	doi = {10.1140/epjb/e2017-80218-1},
	number = {11},
	journal = {The European Physical Journal B},
	author = {Drescher, Moritz and Mielke, Andreas},
	month = {11},
	year = {2017},
	pages = {217},
}






@article{Schneider12,
	title = {Fermionic transport and out-of-equilibrium dynamics in a homogeneous {Hubbard} model with ultracold atoms},
	volume = {8},
	issn = {1745-2481},
	url = {https://doi.org/10.1038/nphys2205},
	doi = {10.1038/nphys2205},
	number = {3},
	journal = {Nature Physics},
	author = {Schneider, Ulrich and Hackermüller, Lucia and Ronzheimer, Jens Philipp and Will, Sebastian and Braun, Simon and Best, Thorsten and Bloch, Immanuel and Demler, Eugene and Mandt, Stephan and Rasch, David and Rosch, Achim},
	month = {3},
	year = {2012},
	pages = {213--218},
}

@article{Zhang,
doi = {10.1088/0143-0807/31/3/016},
url = {https://dx.doi.org/10.1088/0143-0807/31/3/016},
year = {2010},
month = {04},
publisher = {},
volume = {31},
number = {3},
pages = {591},
author = {J M Zhang and R X Dong},
title = {Exact diagonalization: the Bose–Hubbard model as an example},
journal = {European Journal of Physics}
}


@article{Syozi,
	title = {Statistics of {Kagomé} {Lattice}},
	volume = {6},
	issn = {0033-068X},
	url = {https://doi.org/10.1143/ptp/6.3.306},
	doi = {10.1143/ptp/6.3.306},
	abstract = {The transition temperature of the kagomé lattice with Z = 4 is obtained and compared with that of the square lattice.},
	number = {3},
	journal = {Progress of Theoretical Physics},
	author = {Syôzi, Itiro},
	month = jun,
	year = {1951},
	note = {\_eprint: https://academic.oup.com/ptp/article-pdf/6/3/306/5239621/6-3-306.pdf},
	pages = {306--308},
}

